@online{dc_electric_motors,
    author = "R Nave, HyperPhysics",
    title = "DC Electric Motors",
    url = "http://hyperphysics.phy-astr.gsu.edu/hbase/magnetic/motdc.html",
    urldate = "2022-09-27"
}

@BOOK {nisens2020,
    author    = "Nise N S",
    title     = "Control Systems Engineering, EMEA Edition",
    publisher = "John Wiley \& Sons UK",
    year      = "2020",
    edition   = "eighth"
}
